% Encoding: UTF-8

@Unpublished{racets,
  author = {Micinski, Kristopher and Wang, Zhanpeng and Gilray, Thomas},
  title  = {\textsc{Racets}: {F}aceted execution in {R}acket},
  year   = {2018},
}

@Unpublished{abstract-inter,
  author = {Micinski, Kristopher and Daris, David and Gilray, Thomas},
  title  = {Abstracting faceted execution: {S}tatic analysis of dynamic information-flow control for higher-order languages},
  year   = {2019},
}

@InProceedings{faceted,
  author    = {Austin, Thomas H. and Yang, Jean and Flanagan, Cormac},
  title     = {Faceted execution of policy-agnostic programs},
  booktitle = {Proceedings of the 8th ACM SIGPLAN Workshop on Programming Languages and Analysis for Security},
  year      = {2013},
  pages     = {15--26},
  publisher = {ACM},
  journal   = {PLAS '13},
}

@InProceedings{ai-original,
  author    = {Cousot, Patrick and Cousot, Radhia},
  title     = {Abstract interpretation: {A} unified lattice model for static analysis of programs by construction or approximation of functions},
  booktitle = {Conference Record of the 4th ACM Symposium on the Principles of Programming Languages},
  year      = {1979},
  pages     = {238--252},
}

@InProceedings{aam,
  author    = {Van Horn, David and Might, Matthew},
  title     = {Abstracting abstract machines},
  booktitle = {Proceedings of the 15th ACM SIGPLAN International Conference on Functional Programming},
  year      = {2010},
  pages     = {51--62},
  address   = {New York, NY},
  publisher = {ACM},
}

@Article{jeeves,
  author  = {Yang, Jean and Yessenov, Kuat and Solar-Lezama, Armando},
  title   = {A language for automatically enforcing privacy policies},
  journal = {ACM SIGPLAN Notices},
  year    = {2012},
  volume  = {47},
  number  = {1},
  pages   = {85--96},
}

@Book{types,
  title     = {Types and programming languages},
  publisher = {The MIT Press},
  year      = {2002},
  author    = {Pierce, Benjamin C.},
  address   = {Cambridge, MA},
}

@Misc{typed-racket,
  author       = {Tobin-Hochstadt, Sam and St-Amour, Vincent and Dobson, Eric and Takikawa, Asumu},
  title        = {The {T}yped {R}acket guide},
  howpublished = {\url{https://docs.racket-lang.org/ts-guide/}},
}

@Misc{fear-of-macros,
  author       = {Greg Hendershott},
  title        = {Fear of macros},
  howpublished = {\url{https://www.greghendershott.com/fear-of-macros/all.html}},
  month        = jun,
  year         = {2018},
}

@Misc{fe-racket,
  title        = {The {R}acket reference: fully expanded programs},
  howpublished = {\url{https://docs.racket-lang.org/reference/syntax-model.html#(part._fully-expanded)}},
}

@InProceedings{cesk,
  author    = {Felleisen, Mattias and Felleisen, D. P.},
  title     = {A calculus for assignments in higher-order languages},
  booktitle = {Proceedings of the 14th ACM SIGACT-SIGPLAN Symposium on Principles of Programming Languages},
  year      = {1987},
}

@InProceedings{cek,
  author    = {Felleisen, Matthias and Friedman, Daniel P.},
  title     = {Control operators, the {SECD}-machine, and the lambda-calculus},
  booktitle = {3rd Working Conference on the Formal Description of Programming Concepts},
  year      = {1986},
}

@InProceedings{lang-as-lib,
  author    = {Tobin-Hochstadt, Sam and St-Amour, Vincent and Culpepper, Ryan and Flatt, Matthew and Felleisen, Matthias},
  title     = {Languages as libraries},
  booktitle = {Proceedings of Conference on Programming Language Design and Implementation},
  year      = {2011},
  publisher = {ACM},
}

@Comment{jabref-meta: databaseType:bibtex;}
