% Encoding: UTF-8

@Unpublished{racets,
  author = {Micinski, Kristopher and Wang, Zhanpeng and Gilray, Thomas},
  title  = {\textsc{Racets}: {F}aceted execution in {R}acket},
  year   = {2018},
}

@Unpublished{abstract-inter,
  author = {Micinski, Kristopher and Daris, David and Gilray, Thomas},
  title  = {Abstracting faceted execution: {S}tatic analysis of dynamic information-flow control for higher-order languages},
}

@Comment{jabref-meta: databaseType:bibtex;}
